<?xml version="1.0" encoding="UTF-8"?><record xmlns="http://www.loc.gov/MARC21/slim" xmlns:cinclude="http://apache.org/cocoon/include/1.0" xmlns:zs="http://www.loc.gov/zing/srw/">
  <leader>01345cz  a2200193n  4500</leader>
  <controlfield tag="001">n  91049616 </controlfield>
  <controlfield tag="003">DLC</controlfield>
  <controlfield tag="005">20061020074901.0</controlfield>
  <controlfield tag="008">910518n| acannaabn          |a ana      </controlfield>
  <datafield tag="010" ind1=" " ind2=" ">
    <subfield code="a">n  91049616 </subfield>
  </datafield>
  <datafield tag="035" ind1=" " ind2=" ">
    <subfield code="a">(OCoLC)oca02951047</subfield>
  </datafield>
  <datafield tag="040" ind1=" " ind2=" ">
    <subfield code="a">DLC</subfield>
    <subfield code="b">eng</subfield>
    <subfield code="c">DLC</subfield>
    <subfield code="d">DLC</subfield>
    <subfield code="d">ICU</subfield>
  </datafield>
  <datafield tag="110" ind1="2" ind2=" ">
    <subfield code="a">Vissh sŭvet na BSP.</subfield>
    <subfield code="b">T︠S︡entralen partien arkhiv</subfield>
  </datafield>
  <datafield tag="410" ind1="2" ind2=" ">
    <subfield code="a">T︠S︡entralen partien arkhiv na Visshii︠a︡ sŭvet na BSP</subfield>
  </datafield>
  <datafield tag="510" ind1="2" ind2=" ">
    <subfield code="w">a</subfield>
    <subfield code="a">T︠S︡entralen partien arkhiv na T︠S︡K na BKP</subfield>
  </datafield>
  <datafield tag="510" ind1="2" ind2=" ">
    <subfield code="w">b</subfield>
    <subfield code="a">T︠S︡entralen dŭrzhaven arkhiv (Bulgaria)</subfield>
  </datafield>
  <datafield tag="670" ind1=" " ind2=" ">
    <subfield code="a">Bŭlgarskata komunisticheska partii︠a︡ v rezoli︠u︡t︠s︡ii i reshenii︠a︡, 1987- :</subfield>
    <subfield code="b">v. 4, p. facing t.p. (T︠S︡entralen partien arkhiv na Visshii︠a︡ sŭvet na BSP)</subfield>
  </datafield>
  <datafield tag="670" ind1=" " ind2=" ">
    <subfield code="a">Pŭtevoditel na T︠S︡entralnii︠a︡ dŭrzhaven arkhiv, Uchrezhdenski fondove, 2005:</subfield>
    <subfield code="b">t.p. (T︠A︡entralen dŭrzhaven arkhiv) p. 5 (In 1992-1993 the structure of the State Archives was changed, with the former T︠S︡entralen dŭrzhaven istoricheski arkhiv, T︠S︡entralen dŭrzhaven arkhiv na Narodna republika Bŭlgarii︠a︡, T︠S︡entralen dŭrzhaven tekhnicheski arkhiv and the T︠S︡entralen partien arkhiv united in the T︠S︡entralen dŭrzhaven arkhiv)</subfield>
  </datafield>
  <datafield tag="675" ind1=" " ind2=" ">
    <subfield code="a">LC data base, 05-18-91</subfield>
    <subfield code="a">(hdg.: T︠S︡entralen partien arkhiv na T︠S︡K na BKP)</subfield>
  </datafield>
</record>